@article{buffelli2024exact,
  title={Exact, tractable gauss-newton optimization in deep reversible architectures reveal poor generalization},
  author={Buffelli, Davide and McGowan, Jamie and Xu, Wangkun and Cioba, Alexandru and Shiu, Da-shan and Hennequin, Guillaume and Bernacchia, Alberto},
  journal={Advances in Neural Information Processing Systems},
  volume={37},
  pages={133541--133570},
  year={2024}
}

@article{amari2020does,
  title={When does preconditioning help or hurt generalization?},
  author={Amari, Shun-ichi and Ba, Jimmy and Grosse, Roger and Li, Xuechen and Nitanda, Atsushi and Suzuki, Taiji and Wu, Denny and Xu, Ji},
  journal={arXiv preprint arXiv:2006.10732},
  year={2020}
}


@article{chakraborty2018adversarial,
  title={Adversarial attacks and defences: A survey},
  author={Chakraborty, Anirban and Alam, Manaar and Dey, Vishal and Chattopadhyay, Anupam and Mukhopadhyay, Debdeep},
  journal={arXiv preprint arXiv:1810.00069},
  year={2018}
}

@article{goodfellow2015explainingharnessingadversarialexamples,
      title={Explaining and Harnessing Adversarial Examples},
      author={Ian J. Goodfellow and Jonathon Shlens and Christian Szegedy},
      year={2015},
      eprint={1412.6572},
      archivePrefix={arXiv},
      primaryClass={stat.ML},
      url={https://arxiv.org/abs/1412.6572},
}

@article{botev2017practicalgaussnewtonoptimisationdeep,
      title={Practical Gauss-Newton Optimisation for Deep Learning},
      author={Aleksandar Botev and Hippolyt Ritter and David Barber},
      year={2017},
      eprint={1706.03662},
      archivePrefix={arXiv},
      primaryClass={stat.ML},
      url={https://arxiv.org/abs/1706.03662},
}

@inproceedings{zheng2023detecting,
  title        = {Detecting Adversarial Samples through Sharpness of Loss Landscape},
  author       = {Zheng, Rui and Dou, Shihan and Zhou, Yuhao and Liu, Qin and Gui, Tao and Zhang, Qi and Wei, Zhongyu and Huang, Xuanjing and Zhang, Menghan},
  booktitle    = {Findings of the Association for Computational Linguistics: ACL 2023},
  month        = {July},
  year         = {2023},
  address      = {Toronto, Canada},
  publisher    = {Association for Computational Linguistics},
  pages        = {11282--11298},
  doi          = {10.18653/v1/2023.findings-acl.717},
  url          = {https://aclanthology.org/2023.findings-acl.717/}
}

@inproceedings{liu2022flooding,
  title        = {Flooding-{X}: Improving {BERT}'s Resistance to Adversarial Attacks via Loss-Restricted Fine-Tuning},
  author       = {Liu, Qin and Zheng, Rui and Rong, Bao and Liu, Jingyi and Liu, ZhiHua and Cheng, Zhanzhan and Qiao, Liang and Gui, Tao and Zhang, Qi and Huang, Xuanjing},
  editor       = {Muresan, Smaranda and Nakov, Preslav and Villavicencio, Aline},
  booktitle    = {Proceedings of the 60th Annual Meeting of the Association for Computational Linguistics (Volume 1: Long Papers)},
  month        = {May},
  year         = {2022},
  address      = {Dublin, Ireland},
  publisher    = {Association for Computational Linguistics},
  pages        = {5634--5644},
  doi          = {10.18653/v1/2022.acl-long.386},
  url          = {https://aclanthology.org/2022.acl-long.386/}
}